
@INPROCEEDINGS{dog_patch_clothes,
  author={Hu, Yu-Chih-Tuan and Chen, Jun-Cheng and Kung, Bo-Han and Hua, Kai-Lung and Tan, Daniel Stanley},
  booktitle={2021 IEEE/CVF International Conference on Computer Vision (ICCV)}, 
  title={Naturalistic Physical Adversarial Patch for Object Detectors}, 
  year={2021},
  volume={},
  number={},
  pages={7828-7837},
  doi={10.1109/ICCV48922.2021.00775}
}

@inproceedings{first_adv,
title	= {Intriguing properties of neural networks},
author	= {Christian Szegedy and Wojciech Zaremba and Ilya Sutskever and Joan Bruna and Dumitru Erhan and Ian Goodfellow and Rob Fergus},
year	= {2014},
URL	= {http://arxiv.org/abs/1312.6199},
booktitle	= {International Conference on Learning Representations}
}

@misc{fgsm,
      title={Explaining and Harnessing Adversarial Examples}, 
      author={Ian J. Goodfellow and Jonathon Shlens and Christian Szegedy},
      year={2015},
      eprint={1412.6572},
      archivePrefix={arXiv},
      primaryClass={stat.ML}
}

@misc{pgd,
      title={Towards Deep Learning Models Resistant to Adversarial Attacks}, 
      author={Aleksander Madry and Aleksandar Makelov and Ludwig Schmidt and Dimitris Tsipras and Adrian Vladu},
      year={2019},
      eprint={1706.06083},
      archivePrefix={arXiv},
      primaryClass={stat.ML}
}

@misc{probably_first_bb,
      title={Transferability in Machine Learning: from Phenomena to Black-Box Attacks using Adversarial Samples}, 
      author={Nicolas Papernot and Patrick McDaniel and Ian Goodfellow},
      year={2016},
      eprint={1605.07277},
      archivePrefix={arXiv},
      primaryClass={cs.CR}
}

@misc{famous_bb,
      title={Practical Black-Box Attacks against Machine Learning}, 
      author={Nicolas Papernot and Patrick McDaniel and Ian Goodfellow and Somesh Jha and Z. Berkay Celik and Ananthram Swami},
      year={2017},
      eprint={1602.02697},
      archivePrefix={arXiv},
      primaryClass={cs.CR}
}

@misc{carlini_attacks,
      title={Towards Evaluating the Robustness of Neural Networks}, 
      author={Nicholas Carlini and David Wagner},
      year={2017},
      eprint={1608.04644},
      archivePrefix={arXiv},
      primaryClass={cs.CR}
}

@misc{deepfool,
      title={DeepFool: a simple and accurate method to fool deep neural networks}, 
      author={Seyed-Mohsen Moosavi-Dezfooli and Alhussein Fawzi and Pascal Frossard},
      year={2016},
      eprint={1511.04599},
      archivePrefix={arXiv},
      primaryClass={cs.LG}
}

@INPROCEEDINGS{jsma,
  author={Papernot, Nicolas and McDaniel, Patrick and Jha, Somesh and Fredrikson, Matt and Celik, Z. Berkay and Swami, Ananthram},
  booktitle={2016 IEEE European Symposium on Security and Privacy (EuroS\&P)}, 
  title={The Limitations of Deep Learning in Adversarial Settings}, 
  year={2016},
  volume={},
  number={},
  pages={372-387},
  doi={10.1109/EuroSP.2016.36}
}

@misc{aerial_patch,
      title={Adversarial Patch Camouflage against Aerial Detection}, 
      author={Ajaya Adhikari and Richard den Hollander and Ioannis Tolios and Michael van Bekkum and Anneloes Bal and Stijn Hendriks and Maarten Kruithof and Dennis Gross and Nils Jansen and Guillermo Pérez and Kit Buurman and Stephan Raaijmakers},
      year={2020},
      eprint={2008.13671},
      archivePrefix={arXiv},
      primaryClass={cs.CV}
}

@article{classifier_patch,
  author       = {Tom B. Brown and
                  Dandelion Man{\'{e}} and
                  Aurko Roy and
                  Mart{\'{\i}}n Abadi and
                  Justin Gilmer},
  title        = {Adversarial Patch},
  journal      = {CoRR},
  volume       = {abs/1712.09665},
  year         = {2017},
  url          = {http://arxiv.org/abs/1712.09665},
  eprinttype    = {arXiv},
  eprint       = {1712.09665},
  timestamp    = {Mon, 13 Aug 2018 16:46:21 +0200},
  biburl       = {https://dblp.org/rec/journals/corr/abs-1712-09665.bib},
  bibsource    = {dblp computer science bibliography, https://dblp.org}
}

@misc{classifier_patch2,
      title={LaVAN: Localized and Visible Adversarial Noise}, 
      author={Danny Karmon and Daniel Zoran and Yoav Goldberg},
      year={2018},
      eprint={1801.02608},
      archivePrefix={arXiv},
      primaryClass={cs.CV}
}

@misc{yolov3,
      title={YOLOv3: An Incremental Improvement}, 
      author={Joseph Redmon and Ali Farhadi},
      year={2018},
      eprint={1804.02767},
      archivePrefix={arXiv},
      primaryClass={cs.CV}
}

@article{faster_rcnn,
  author       = {Shaoqing Ren and
                  Kaiming He and
                  Ross B. Girshick and
                  Jian Sun},
  title        = {Faster {R-CNN:} Towards Real-Time Object Detection with Region Proposal
                  Networks},
  journal      = {CoRR},
  volume       = {abs/1506.01497},
  year         = {2015},
  url          = {http://arxiv.org/abs/1506.01497},
  eprinttype    = {arXiv},
  eprint       = {1506.01497},
  timestamp    = {Mon, 13 Aug 2018 16:46:02 +0200},
  biburl       = {https://dblp.org/rec/journals/corr/RenHG015.bib},
  bibsource    = {dblp computer science bibliography, https://dblp.org}
}

@misc{detr,
      title={End-to-End Object Detection with Transformers}, 
      author={Nicolas Carion and Francisco Massa and Gabriel Synnaeve and Nicolas Usunier and Alexander Kirillov and Sergey Zagoruyko},
      year={2020},
      eprint={2005.12872},
      archivePrefix={arXiv},
      primaryClass={cs.CV}
}

@misc{adv_examples_in_real_world,
      title={Adversarial examples in the physical world}, 
      author={Alexey Kurakin and Ian Goodfellow and Samy Bengio},
      year={2017},
      eprint={1607.02533},
      archivePrefix={arXiv},
      primaryClass={cs.CV}
}

@article{stop_signs_detectors_380,
  author       = {Kevin Eykholt and
                  Ivan Evtimov and
                  Earlence Fernandes and
                  Bo Li and
                  Amir Rahmati and
                  Florian Tram{\`{e}}r and
                  Atul Prakash and
                  Tadayoshi Kohno and
                  Dawn Song},
  title        = {Physical Adversarial Examples for Object Detectors},
  journal      = {CoRR},
  volume       = {abs/1807.07769},
  year         = {2018},
  url          = {http://arxiv.org/abs/1807.07769},
  eprinttype    = {arXiv},
  eprint       = {1807.07769},
  timestamp    = {Thu, 14 Oct 2021 09:14:01 +0200},
  biburl       = {https://dblp.org/rec/journals/corr/abs-1807-07769.bib},
  bibsource    = {dblp computer science bibliography, https://dblp.org}
}

@INPROCEEDINGS{inria,
  author={Dalal, N. and Triggs, B.},
  booktitle={2005 IEEE Computer Society Conference on Computer Vision and Pattern Recognition (CVPR'05)}, 
  title={Histograms of oriented gradients for human detection}, 
  year={2005},
  volume={1},
  number={},
  pages={886-893 vol. 1},
  doi={10.1109/CVPR.2005.177}
}

@misc{zh_3d,
      title={Physically Realizable Natural-Looking Clothing Textures Evade Person Detectors via 3D Modeling}, 
      author={Zhanhao Hu and Wenda Chu and Xiaopei Zhu and Hui Zhang and Bo Zhang and Xiaolin Hu},
      year={2023},
      url={https://openaccess.thecvf.com/content/CVPR2023/papers/Hu\_Physically\_Realizable\_Natural-Looking\_Clothing\_Textures\_Evade\_Person\_Detectors\_via\_3D\_CVPR\_2023\_paper.pdf},
      booktitle	= {Computer Vision and Pattern Recognition Conference}
}

@article{dpatch,
  author       = {Xin Liu and
                  Huanrui Yang and
                  Linghao Song and
                  Hai Li and
                  Yiran Chen},
  title        = {DPatch: Attacking Object Detectors with Adversarial Patches},
  journal      = {CoRR},
  volume       = {abs/1806.02299},
  year         = {2018},
  url          = {http://arxiv.org/abs/1806.02299},
  eprinttype    = {arXiv},
  eprint       = {1806.02299},
  timestamp    = {Fri, 05 Aug 2022 08:59:46 +0200},
  biburl       = {https://dblp.org/rec/journals/corr/abs-1806-02299.bib},
  bibsource    = {dblp computer science bibliography, https://dblp.org}
}

@misc{physical_patch,
      title={On Physical Adversarial Patches for Object Detection}, 
      author={Mark Lee and Zico Kolter},
      year={2019},
      eprint={1906.11897},
      archivePrefix={arXiv},
      primaryClass={cs.CV}
}

@misc{patch_conf_pgd,
      title={Suppress with a Patch: Revisiting Universal Adversarial Patch Attacks against Object Detection}, 
      author={Svetlana Pavlitskaya and Jonas Hendl and Sebastian Kleim and Leopold Müller and Fabian Wylczoch and J. Marius Zöllner},
      year={2022},
      eprint={2209.13353},
      archivePrefix={arXiv},
      primaryClass={cs.CV}
}

@misc{eot,
      title={Synthesizing Robust Adversarial Examples}, 
      author={Anish Athalye and Logan Engstrom and Andrew Ilyas and Kevin Kwok},
      year={2018},
      eprint={1707.07397},
      archivePrefix={arXiv},
      primaryClass={cs.CV}
}

@misc{spatial_context,
      title={Role of Spatial Context in Adversarial Robustness for Object Detection}, 
      author={Aniruddha Saha and Akshayvarun Subramanya and Koninika Patil and Hamed Pirsiavash},
      year={2020},
      eprint={1910.00068},
      archivePrefix={arXiv},
      primaryClass={cs.CV}
}

@INPROCEEDINGS{det_context_emp_study,
  author={Divvala, Santosh K. and Hoiem, Derek and Hays, James H. and Efros, Alexei A. and Hebert, Martial},
  booktitle={2009 IEEE Conference on Computer Vision and Pattern Recognition}, 
  title={An empirical study of context in object detection}, 
  year={2009},
  volume={},
  number={},
  pages={1271-1278},
  doi={10.1109/CVPR.2009.5206532}
}

@INPROCEEDINGS{meta_attack,
  author={W. Feng and B. Wu and T. Zhang and Y. Zhang and Y. Zhang},
  booktitle={2021 IEEE/CVF International Conference on Computer Vision}, 
  title={Meta-attack: Class-agnostic and model-agnostic physical adversarial attack}, 
  year={2021},
  pages={7787–7796}
}

@misc{dec_context_evaluation,
      title={Evaluating Context for Deep Object Detectors}, 
      author={Osman Semih Kayhan and Jan C. van Gemert},
      year={2022},
      eprint={2205.02887},
      archivePrefix={arXiv},
      primaryClass={cs.CV}
}

@misc{det_context_attentive,
      title={Attentive Contexts for Object Detection}, 
      author={Jianan Li and Yunchao Wei and Xiaodan Liang and Jian Dong and Tingfa Xu and Jiashi Feng and Shuicheng Yan},
      year={2016},
      eprint={1603.07415},
      archivePrefix={arXiv},
      primaryClass={cs.CV}
}

@article{one_pixel,
	doi = {10.1109/tevc.2019.2890858},
	url = {https://arxiv.org/abs/1710.08864},
	year = 2019,
	month = {oct},
	publisher = {Institute of Electrical and Electronics Engineers ({IEEE})},
	volume = {23},
	number = {5},
	pages = {828--841},
	author = {Jiawei Su and Danilo Vasconcellos Vargas and Kouichi Sakurai},
	title = {One Pixel Attack for Fooling Deep Neural Networks},
	journal = {{IEEE} Transactions on Evolutionary Computation}
}

@misc{universal,
      title={Universal adversarial perturbations}, 
      author={Seyed-Mohsen Moosavi-Dezfooli and Alhussein Fawzi and Omar Fawzi and Pascal Frossard},
      year={2017},
      eprint={1610.08401},
      archivePrefix={arXiv},
      primaryClass={cs.CV}
}

@misc{adv_momentum,
      title={Boosting Adversarial Attacks with Momentum}, 
      author={Yinpeng Dong and Fangzhou Liao and Tianyu Pang and Hang Su and Jun Zhu and Xiaolin Hu and Jianguo Li},
      year={2018},
      eprint={1710.06081},
      archivePrefix={arXiv},
      primaryClass={cs.LG}
}

@misc{adv_translation_invariant,
      title={Evading Defenses to Transferable Adversarial Examples by Translation-Invariant Attacks}, 
      author={Yinpeng Dong and Tianyu Pang and Hang Su and Jun Zhu},
      year={2019},
      eprint={1904.02884},
      archivePrefix={arXiv},
      primaryClass={cs.CV}
}

@article{adv_optimizer,
	doi = {10.1155/2021/9983309},
	url = {https://arxiv.org/abs/2012.00567},
	year = 2021,
	month = {jun},
	publisher = {Hindawi Limited},
	volume = {2021},
	pages = {1--9},
	author = {Heng Yin and Hengwei Zhang and Jindong Wang and Ruiyu Dou},
	editor = {Ting Chen},
	title = {Boosting Adversarial Attacks on Neural Networks with Better Optimizer},
	journal = {Security and Communication Networks}
}

@misc{signs_digital,
      title={Adversarial Examples that Fool Detectors}, 
      author={Jiajun Lu and Hussein Sibai and Evan Fabry},
      year={2017},
      eprint={1712.02494},
      archivePrefix={arXiv},
      primaryClass={cs.CV}
}

@incollection{sign_shapeshifter,
	url = {https://arxiv.org/abs/1804.05810},
  
	year = 2019,
	publisher = {Springer International Publishing},
  
	pages = {52--68},
  
	author = {Shang-Tse Chen and Cory Cornelius and Jason Martin and Duen Horng Chau},
  
	title = {{ShapeShifter}: Robust Physical Adversarial Attack on Faster R-{CNN} Object Detector},
  
	booktitle = {Machine Learning and Knowledge Discovery in Databases}
}

@article{sign_2020_16,
	doi = {10.1016/j.jisa.2020.102694},
  
	url = {https://arxiv.org/abs/2011.13692},
  
	year = 2021,
	month = {mar},
  
	publisher = {Elsevier {BV}
},
  
	volume = {57},
  
	pages = {102694},
  
	author = {Mingfu Xue and Chengxiang Yuan and Can He and Jian Wang and Weiqiang Liu},
  
	title = {{NaturalAE}: Natural and robust physical adversarial examples for object detectors},
  
	journal = {Journal of Information Security and Applications}
}

@misc{signs_shadows,
      title={Shadows can be Dangerous: Stealthy and Effective Physical-world Adversarial Attack by Natural Phenomenon}, 
      author={Yiqi Zhong and Xianming Liu and Deming Zhai and Junjun Jiang and Xiangyang Ji},
      year={2022},
      eprint={2203.03818},
      archivePrefix={arXiv},
      primaryClass={cs.CV}
}

@inproceedings{glasses1,
author = {Sharif, Mahmood and Bhagavatula, Sruti and Bauer, Lujo and Reiter, Michael K.},
title = {Accessorize to a Crime: Real and Stealthy Attacks on State-of-the-Art Face Recognition},
year = {2016},
isbn = {9781450341394},
publisher = {Association for Computing Machinery},
address = {New York, NY, USA},
url = {https://doi.org/10.1145/2976749.2978392},
doi = {10.1145/2976749.2978392},
booktitle = {Proceedings of the 2016 ACM SIGSAC Conference on Computer and Communications Security},
pages = {1528–1540},
numpages = {13},
keywords = {face recognition, adversarial machine learning, neural networks, face detection},
location = {Vienna, Austria},
series = {CCS '16}
}

@article{glasses2,
	doi = {10.1145/3317611},
  
	url = {https://arxiv.org/abs/1801.00349},
  
	year = 2019,
	month = {jun},
  
	publisher = {Association for Computing Machinery ({ACM})},
  
	volume = {22},
  
	number = {3},
  
	pages = {1--30},
  
	author = {Mahmood Sharif and Sruti Bhagavatula and Lujo Bauer and Michael K. Reiter},
  
	title = {A General Framework for Adversarial Examples with Objectives},
  
	journal = {{ACM} Transactions on Privacy and Security}
}

@misc{clothes1,
      title={Adversarial Texture for Fooling Person Detectors in the Physical World}, 
      author={Zhanhao Hu and Siyuan Huang and Xiaopei Zhu and Fuchun Sun and Bo Zhang and Xiaolin Hu},
      year={2022},
      eprint={2203.03373},
      archivePrefix={arXiv},
      primaryClass={cs.CV}
}

@misc{clothes2,
      title={Universal Physical Camouflage Attacks on Object Detectors}, 
      author={Lifeng Huang and Chengying Gao and Yuyin Zhou and Cihang Xie and Alan Yuille and Changqing Zou and Ning Liu},
      year={2020},
      eprint={1909.04326},
      archivePrefix={arXiv},
      primaryClass={cs.CV}
}

@misc{clothes3,
      title={Fooling automated surveillance cameras: adversarial patches to attack person detection}, 
      author={Simen Thys and Wiebe Van Ranst and Toon Goedemé},
      year={2019},
      eprint={1904.08653},
      archivePrefix={arXiv},
      primaryClass={cs.CV}
}

@misc{clothes4_inv_cloak,
      title={Making an Invisibility Cloak: Real World Adversarial Attacks on Object Detectors}, 
      author={Zuxuan Wu and Ser-Nam Lim and Larry Davis and Tom Goldstein},
      year={2020},
      eprint={1910.14667},
      archivePrefix={arXiv},
      primaryClass={cs.CV}
}

@misc{clothes5_tshirt,
      title={Adversarial T-shirt! Evading Person Detectors in A Physical World}, 
      author={Kaidi Xu and Gaoyuan Zhang and Sijia Liu and Quanfu Fan and Mengshu Sun and Hongge Chen and Pin-Yu Chen and Yanzhi Wang and Xue Lin},
      year={2020},
      eprint={1910.11099},
      archivePrefix={arXiv},
      primaryClass={cs.CV}
}

@misc{clothes6,
      title={TnT Attacks! Universal Naturalistic Adversarial Patches Against Deep Neural Network Systems}, 
      author={Bao Gia Doan and Minhui Xue and Shiqing Ma and Ehsan Abbasnejad and Damith C. Ranasinghe},
      year={2022},
      eprint={2111.09999},
      archivePrefix={arXiv},
      primaryClass={cs.CV}
}

@misc{texture,
      title={Adversarial Texture for Fooling Person Detectors in the Physical World}, 
      author={Zhanhao Hu and Siyuan Huang and Xiaopei Zhu and Fuchun Sun and Bo Zhang and Xiaolin Hu},
      year={2022},
      eprint={2203.03373},
      archivePrefix={arXiv},
      primaryClass={cs.CV}
}

@misc{gan,
      title={Generative Adversarial Networks}, 
      author={Ian J. Goodfellow and Jean Pouget-Abadie and Mehdi Mirza and Bing Xu and David Warde-Farley and Sherjil Ozair and Aaron Courville and Yoshua Bengio},
      year={2014},
      eprint={1406.2661},
      archivePrefix={arXiv},
      primaryClass={stat.ML}
}

@misc{adv_gans,
      title={Generating Adversarial Examples with Adversarial Networks}, 
      author={Chaowei Xiao and Bo Li and Jun-Yan Zhu and Warren He and Mingyan Liu and Dawn Song},
      year={2019},
      eprint={1801.02610},
      archivePrefix={arXiv},
      primaryClass={cs.CR}
}

@misc{adv_gans_first,
      title={Generating Adversarial Malware Examples for Black-Box Attacks Based on GAN}, 
      author={Weiwei Hu and Ying Tan},
      year={2017},
      eprint={1702.05983},
      archivePrefix={arXiv},
      primaryClass={cs.LG}
}

@misc{adv_gans_unrestrained,
      title={Constructing Unrestricted Adversarial Examples with Generative Models}, 
      author={Yang Song and Rui Shu and Nate Kushman and Stefano Ermon},
      year={2018},
      eprint={1805.07894},
      archivePrefix={arXiv},
      primaryClass={cs.LG}
}

@misc{adv_gan_,
      title={Robust Feature-Level Adversaries are Interpretability Tools}, 
      author={Stephen Casper and Max Nadeau and Dylan Hadfield-Menell and Gabriel Kreiman},
      year={2023},
      eprint={2110.03605},
      archivePrefix={arXiv},
      primaryClass={cs.LG}
}

@inproceedings{adv_gan_signs,
author = {Liu, Aishan and Liu, Xianglong and Fan, Jiaxin and Ma, Yuqing and Zhang, Anlan and Xie, Huiyuan and Tao, Dacheng},
title = {Perceptual-Sensitive GAN for Generating Adversarial Patches},
year = {2019},
isbn = {978-1-57735-809-1},
publisher = {AAAI Press},
url = {https://doi.org/10.1609/aaai.v33i01.33011028},
doi = {10.1609/aaai.v33i01.33011028},
booktitle = {Proceedings of the Thirty-Third AAAI Conference on Artificial Intelligence and Thirty-First Innovative Applications of Artificial Intelligence Conference and Ninth AAAI Symposium on Educational Advances in Artificial Intelligence},
articleno = {127},
numpages = {8},
location = {Honolulu, Hawaii, USA},
series = {AAAI'19/IAAI'19/EAAI'19}
}

@misc{adv_gan_advert,
      title={PhysGAN: Generating Physical-World-Resilient Adversarial Examples for Autonomous Driving}, 
      author={Zelun Kong and Junfeng Guo and Ang Li and Cong Liu},
      year={2021},
      eprint={1907.04449},
      archivePrefix={arXiv},
      primaryClass={cs.CV}
}

@misc{adv_gan_latent,
      title={Patch of Invisibility: Naturalistic Black-Box Adversarial Attacks on Object Detectors}, 
      author={Raz Lapid and Moshe Sipper},
      year={2023},
      eprint={2303.04238},
      archivePrefix={arXiv},
      primaryClass={cs.CV}
}

@ARTICLE{tps,
  author={Bookstein, F.L.},
  journal={IEEE Transactions on Pattern Analysis and Machine Intelligence}, 
  title={Principal warps: thin-plate splines and the decomposition of deformations}, 
  year={1989},
  volume={11},
  number={6},
  pages={567-585},
  doi={10.1109/34.24792}
}

@INPROCEEDINGS{unavailable_guys,
  author={Toheed, Abeer and Yousaf, Muhammad Haroon and Rabnawaz and Javed, Ali},
  booktitle={2022 2nd International Conference on Digital Futures and Transformative Technologies (ICoDT2)}, 
  title={Physical Adversarial Attack Scheme on Object Detectors using 3D Adversarial Object}, 
  year={2022},
  volume={},
  number={},
  pages={1-4},
  doi={10.1109/ICoDT255437.2022.9787422}}

@misc{shapenet,
  added-at = {2018-04-27T07:45:00.000+0200},
  author = {Chang, Angel X. and Funkhouser, Thomas and Guibas, Leonidas and Hanrahan, Pat and Huang, Qixing and Li, Zimo and Savarese, Silvio and Savva, Manolis and Song, Shuran and Su, Hao and Xiao, Jianxiong and Yi, Li and Yu, Fisher},
  biburl = {https://www.bibsonomy.org/bibtex/247acee8c2cc6c465b98fc499711dd6c3/achakraborty},
  description = {[1512.03012] ShapeNet: An Information-Rich 3D Model Repository},
  interhash = {44fc945ba9bb97661d706e2afb0a9c4d},
  intrahash = {47acee8c2cc6c465b98fc499711dd6c3},
  keywords = {2015 3D data dataset shape},
  note = {cite arxiv:1512.03012},
  timestamp = {2018-04-27T07:45:00.000+0200},
  title = {ShapeNet: An Information-Rich 3D Model Repository},
  url = {http://arxiv.org/abs/1512.03012},
  year = 2015
}

@misc{fca,
      title={FCA: Learning a 3D Full-coverage Vehicle Camouflage for Multi-view Physical Adversarial Attack}, 
      author={Donghua Wang and Tingsong Jiang and Jialiang Sun and Weien Zhou and Xiaoya Zhang and Zhiqiang Gong and Wen Yao and Xiaoqian Chen},
      year={2021},
      eprint={2109.07193},
      archivePrefix={arXiv},
      primaryClass={cs.CV}
}

@misc{det_misclas,
      title={Attacking Object Detector Using A Universal Targeted Label-Switch Patch}, 
      author={Avishag Shapira and Ron Bitton and Dan Avraham and Alon Zolfi and Yuval Elovici and Asaf Shabtai},
      year={2022},
      eprint={2211.08859},
      archivePrefix={arXiv},
      primaryClass={cs.LG}
}

@misc{rp2,
      title={Robust Physical-World Attacks on Deep Learning Models}, 
      author={Kevin Eykholt and Ivan Evtimov and Earlence Fernandes and Bo Li and Amir Rahmati and Chaowei Xiao and Atul Prakash and Tadayoshi Kohno and Dawn Song},
      year={2018},
      eprint={1707.08945},
      archivePrefix={arXiv},
      primaryClass={cs.CR}
}

@misc{wang2021dual,
      title={Dual Attention Suppression Attack: Generate Adversarial Camouflage in Physical World}, 
      author={Jiakai Wang and Aishan Liu and Zixin Yin and Shunchang Liu and Shiyu Tang and Xianglong Liu},
      year={2021},
      eprint={2103.01050},
      archivePrefix={arXiv},
      primaryClass={cs.CV}
}

@article{car_camo,
  author       = {Yexin Duan and
                  Jialin Chen and
                  Xingyu Zhou and
                  Junhua Zou and
                  Zhengyun He and
                  Wu Zhang and
                  Zhisong Pan},
  title        = {{DPA:} Learning Robust Physical Adversarial Camouflages for Object
                  Detectors},
  journal      = {CoRR},
  volume       = {abs/2109.00124},
  year         = {2021},
  url          = {https://arxiv.org/abs/2109.00124},
  eprinttype    = {arXiv},
  eprint       = {2109.00124},
  timestamp    = {Mon, 25 Apr 2022 09:40:50 +0200},
  biburl       = {https://dblp.org/rec/journals/corr/abs-2109-00124.bib},
  bibsource    = {dblp computer science bibliography, https://dblp.org}
}

@misc{dta,
      title={DTA: Physical Camouflage Attacks using Differentiable Transformation Network}, 
      author={Naufal Suryanto and Yongsu Kim and Hyoeun Kang and Harashta Tatimma Larasati and Youngyeo Yun and Thi-Thu-Huong Le and Hunmin Yang and Se-Yoon Oh and Howon Kim},
      year={2022},
      eprint={2203.09831},
      archivePrefix={arXiv},
      primaryClass={cs.CV}
}

@misc{diffusion,
      title={Denoising Diffusion Probabilistic Models}, 
      author={Jonathan Ho and Ajay Jain and Pieter Abbeel},
      year={2020},
      eprint={2006.11239},
      archivePrefix={arXiv},
      primaryClass={cs.LG}
}

@misc{adv_diffusion,
      title={Diffusion Models for Imperceptible and Transferable Adversarial Attack}, 
      author={Jianqi Chen and Hao Chen and Keyan Chen and Yilan Zhang and Zhengxia Zou and Zhenwei Shi},
      year={2023},
      eprint={2305.08192},
      archivePrefix={arXiv},
      primaryClass={cs.CV}
}

@misc{unet,
      title={U-Net: Convolutional Networks for Biomedical Image Segmentation}, 
      author={Olaf Ronneberger and Philipp Fischer and Thomas Brox},
      year={2015},
      eprint={1505.04597},
      archivePrefix={arXiv},
      primaryClass={cs.CV}
}

@misc{palette,
      title={Palette: Image-to-Image Diffusion Models}, 
      author={Chitwan Saharia and William Chan and Huiwen Chang and Chris A. Lee and Jonathan Ho and Tim Salimans and David J. Fleet and Mohammad Norouzi},
      year={2022},
      eprint={2111.05826},
      archivePrefix={arXiv},
      primaryClass={cs.CV}
}

@misc{dif_seg,
      title={SegDiff: Image Segmentation with Diffusion Probabilistic Models}, 
      author={Tomer Amit and Tal Shaharbany and Eliya Nachmani and Lior Wolf},
      year={2022},
      eprint={2112.00390},
      archivePrefix={arXiv},
      primaryClass={cs.CV}
}

@misc{dif_video_long,
      title={Flexible Diffusion Modeling of Long Videos}, 
      author={William Harvey and Saeid Naderiparizi and Vaden Masrani and Christian Weilbach and Frank Wood},
      year={2022},
      eprint={2205.11495},
      archivePrefix={arXiv},
      primaryClass={cs.CV}
}

@misc{dif_video,
      title={Video Diffusion Models}, 
      author={Jonathan Ho and Tim Salimans and Alexey Gritsenko and William Chan and Mohammad Norouzi and David J. Fleet},
      year={2022},
      eprint={2204.03458},
      archivePrefix={arXiv},
      primaryClass={cs.CV}
}

@misc{dif_med_seg,
      title={MedSegDiff: Medical Image Segmentation with Diffusion Probabilistic Model}, 
      author={Junde Wu and Rao Fu and Huihui Fang and Yu Zhang and Yehui Yang and Haoyi Xiong and Huiying Liu and Yanwu Xu},
      year={2023},
      eprint={2211.00611},
      archivePrefix={arXiv},
      primaryClass={cs.CV}
}

@misc{dif_cl_reg,
      title={CARD: Classification and Regression Diffusion Models}, 
      author={Xizewen Han and Huangjie Zheng and Mingyuan Zhou},
      year={2022},
      eprint={2206.07275},
      archivePrefix={arXiv},
      primaryClass={stat.ML}
}

@misc{diff_den_sr,
      title={Denoising Diffusion Restoration Models}, 
      author={Bahjat Kawar and Michael Elad and Stefano Ermon and Jiaming Song},
      year={2022},
      eprint={2201.11793},
      archivePrefix={arXiv},
      primaryClass={eess.IV}
}

@misc{dif_sr,
      title={SRDiff: Single Image Super-Resolution with Diffusion Probabilistic Models}, 
      author={Haoying Li and Yifan Yang and Meng Chang and Huajun Feng and Zhihai Xu and Qi Li and Yueting Chen},
      year={2021},
      eprint={2104.14951},
      archivePrefix={arXiv},
      primaryClass={cs.CV}
}

@misc{glide,
      title={GLIDE: Towards Photorealistic Image Generation and Editing with Text-Guided Diffusion Models}, 
      author={Alex Nichol and Prafulla Dhariwal and Aditya Ramesh and Pranav Shyam and Pamela Mishkin and Bob McGrew and Ilya Sutskever and Mark Chen},
      year={2022},
      eprint={2112.10741},
      archivePrefix={arXiv},
      primaryClass={cs.CV}
}

@inproceedings{text2im_dif,
 author = {Saharia, Chitwan and Chan, William and Saxena, Saurabh and Li, Lala and Whang, Jay and Denton, Emily L and Ghasemipour, Kamyar and Gontijo Lopes, Raphael and Karagol Ayan, Burcu and Salimans, Tim and Ho, Jonathan and Fleet, David J and Norouzi, Mohammad},
 booktitle = {Advances in Neural Information Processing Systems},
 editor = {S. Koyejo and S. Mohamed and A. Agarwal and D. Belgrave and K. Cho and A. Oh},
 pages = {36479--36494},
 publisher = {Curran Associates, Inc.},
 title = {Photorealistic Text-to-Image Diffusion Models with Deep Language Understanding},
 volume = {35},
 year = {2022}
}

@misc{stable_dif,
      title={High-Resolution Image Synthesis with Latent Diffusion Models}, 
      author={Robin Rombach and Andreas Blattmann and Dominik Lorenz and Patrick Esser and Björn Ommer},
      year={2022},
      eprint={2112.10752},
      archivePrefix={arXiv},
      primaryClass={cs.CV}
}

@article{cocodataset,
  author    = {Tsung{-}Yi Lin and Michael Maire and Serge J. Belongie and Lubomir D. Bourdev and Ross B. Girshick and James Hays and Pietro Perona and Deva Ramanan and Piotr Doll{'{a} }r and C. Lawrence Zitnick},
  title     = {Microsoft {COCO:} Common Objects in Context},
  journal   = {CoRR},
  volume    = {abs/1405.0312},
  year      = {2014},
  url       = {http://arxiv.org/abs/1405.0312},
  archivePrefix = {arXiv},
  eprint    = {1405.0312},
  timestamp = {Mon, 13 Aug 2018 16:48:13 +0200},
  biburl    = {https://dblp.org/rec/bib/journals/corr/LinMBHPRDZ14},
  bibsource = {dblp computer science bibliography, https://dblp.org}
}

@misc{ho2022classifierfree,
      title={Classifier-Free Diffusion Guidance}, 
      author={Jonathan Ho and Tim Salimans},
      year={2022},
      eprint={2207.12598},
      archivePrefix={arXiv},
      primaryClass={cs.LG}
}

@misc{dhariwal2021diffusion,
      title={Diffusion Models Beat GANs on Image Synthesis}, 
      author={Prafulla Dhariwal and Alex Nichol},
      year={2021},
      eprint={2105.05233},
      archivePrefix={arXiv},
      primaryClass={cs.LG}
}

@misc{aibek,
      title={Diffusion Self-Guidance for Controllable Image Generation}, 
      author={Dave Epstein and Allan Jabri and Ben Poole and Alexei A. Efros and Aleksander Holynski},
      year={2023},
      eprint={2306.00986},
      archivePrefix={arXiv},
      primaryClass={cs.CV}
}
@misc{att_replace_silver_robots,
      title={Plug-and-Play Diffusion Features for Text-Driven Image-to-Image Translation}, 
      author={Narek Tumanyan and Michal Geyer and Shai Bagon and Tali Dekel},
      year={2022},
      eprint={2211.12572},
      archivePrefix={arXiv},
      primaryClass={cs.CV}
}

@misc{laion,
      title={LAION-5B: An open large-scale dataset for training next generation image-text models}, 
      author={Christoph Schuhmann and Romain Beaumont and Richard Vencu and Cade Gordon and Ross Wightman and Mehdi Cherti and Theo Coombes and Aarush Katta and Clayton Mullis and Mitchell Wortsman and Patrick Schramowski and Srivatsa Kundurthy and Katherine Crowson and Ludwig Schmidt and Robert Kaczmarczyk and Jenia Jitsev},
      year={2022},
      eprint={2210.08402},
      archivePrefix={arXiv},
      primaryClass={cs.CV}
}

@article{routh2009anatomical,
  title={Anatomical and electrophysiological comparison of CA1 pyramidal neurons of the rat and mouse},
  author={Routh, Brandy N and Johnston, Daniel and Harris, Kristen and Chitwood, Raymond A},
  journal={Journal of neurophysiology},
  volume={102},
  number={4},
  pages={2288--2302},
  year={2009},
  publisher={American Physiological Society Bethesda, MD}
}

